@article{talebi_global_2014,
	title = {Global {Image} {Denoising}},
	volume = {23},
	issn = {1057-7149, 1941-0042},
	url = {http://ieeexplore.ieee.org/document/6678291/},
	doi = {10.1109/TIP.2013.2293425},
	number = {2},
	urldate = {2017-10-03},
	journal = {IEEE Transactions on Image Processing},
	author = {Talebi, Hossein and Milanfar, Peyman},
	month = feb,
	year = {2014},
	pages = {755--768},
	file = {GLIDE_Final.pdf:/home/davidwobrock/Zotero/storage/L8V5J3QE/GLIDE_Final.pdf:application/pdf}
}

@misc{siam_slides_2016,
	title = {Non-conformist Image Processing with Graph Laplacian Operator},
	volume = {80},
	url = {https://www.pathlms.com/siam/courses/2426/sections/3234},
	journal = {SIAM Conference on Imaging Science},
	author = {Milanfar, Peyman},
	year = {2016}
}
